@BOOK{pins,
title = {Programming in Scala second edition},
author = {Martin Odersky},
publisher = {artima},
year = {2008}
}

@MISC{x-protocol,
title = {X Window System Protocol},
author = {Robert W.Scheifler},
howpublished = {\url{http://www.x.org/docs/XProtocol/proto.pdf}}
}

@BOOK{multithread,
title = {Modern Multithreading: Implementing, Testing, 
and Debugging Multithreaded Java and C++/Pthreads/Win32 Programs},
author = {Richard H. Carver, Kuo-Chung Tai},
publisher = {John Wiley \& Sons},
year = {2005}
}

@MISC{js-vs-as,
title = {AS3 vs. JavaScript Performance},
author = {Jackson Dunstan},
howpublished = {\url{http://jacksondunstan.com/articles/2209}}
}
